@article{Alongi,
	author={Alongi, M. and Bertelli, G. and Bressan, A. and 
		Chiosi, C. and Fagotto, F. and Greggio, L. and Nasi, E.},
	title={Evolutionary sequences of stellar models with semiconvection
		and convective overshoot. I - Z = 0.008},
	journal={aaps},
       year=1993,
      pages={851-871}
}

@book{Mikes,
    author={Hansen, C. J. and Kawaler, S. D.},
    title={Stellar Interiors: Physical Principles, Structure, and
    Evolution},
    year=1994,
    pages={176-207}
}
