@article{1974ARA&A..12..279Z,
    author={Bendo, G. J. and R. J. Beswick and M. J. Cruze
                and C. Dickinson and G. A. Fuller and T. W. B. Muxlow},
    title={ALMA observations of 99 GHz free-free and H40$\alpha$ line
           emission from star formation in the centre of NGC 253},
    journal={Royal Astronomical Society},
    year=2015,
    pages={L80-L84}
}

@book{recipes,
	author={Press, William H. and Teukolsky, Saul A. and Vetterling,
	William T. and Flannery, Brian P.},
	title={Numerical Recipes: The Art of Scientific Computing},
	publisher={Cambridge University Press},
	year={2007},
	edition={3rd}
}
@book{stellar,
	author={Harpaz, Amos},
	title={Stellar Evolution},
	publisher={Library of Congress},
	year={1994},
	pages={55--62}
}
@book{clayton,
	author={Clayton, Donald D.},
	title={Principles of Stellar Evolution and Nucleosynthesis},
	publisher={McGraw-Hill, Inc.},
	year={1968},
	pages={155--165}
}
